<record><leader>00000cas a22000007a 4500</leader><controlfield tag="001">21385314</controlfield><controlfield tag="008">900417d19161917couwr ne      0    0eng d</controlfield><datafield ind1=" " ind2=" " tag="010"><subfield code="a">sn 90051252 </subfield></datafield><datafield ind1=" " ind2=" " tag="040"><subfield code="a">CNQ</subfield><subfield code="b">eng</subfield><subfield code="c">CNQ</subfield><subfield code="d">OCLCQ</subfield></datafield><datafield ind1=" " ind2=" " tag="042"><subfield code="a">msc</subfield></datafield><datafield ind1="0" ind2="0" tag="245"><subfield code="a">Western Slope enterprise the Eagle Valley enterprise.</subfield></datafield><datafield ind1="1" ind2="3" tag="246"><subfield code="a">Western Slope enterprise</subfield></datafield><datafield ind1=" " ind2=" " tag="260"><subfield code="a">Eagle, Colo. :</subfield><subfield code="b">W.A. Schliff</subfield></datafield><datafield ind1=" " ind2=" " tag="300"><subfield code="a">v.</subfield></datafield><datafield ind1=" " ind2=" " tag="310"><subfield code="a">Weekly</subfield></datafield><datafield ind1="0" ind2=" " tag="362"><subfield code="a">Vol. 19, no. 28 (May 5, 1916)-v. 20, no. 21 (Mar. 16, 1917).</subfield></datafield><datafield ind1=" " ind2=" " tag="530"><subfield code="a">Available on microfilm from the Colorado Historical Society.</subfield></datafield><datafield ind1=" " ind2=" " tag="752"><subfield code="a">United States</subfield><subfield code="b">Colorado</subfield><subfield code="c">Eagle</subfield><subfield code="d">Eagle.</subfield></datafield><datafield ind1="0" ind2="0" tag="780"><subfield code="t">Eagle Valley enterprise</subfield><subfield code="w">(DLC)sn 90051251</subfield></datafield><datafield ind1="0" ind2="0" tag="785"><subfield code="t">Western Slope enterprise</subfield><subfield code="w">(DLC)sn 90051253</subfield></datafield></record>